<record><leader>00000cas a22000007a 4500</leader><controlfield tag="001">21053655</controlfield><controlfield tag="008">900212d19uu19uumnuer ne      0    0eng d</controlfield><datafield ind1=" " ind2=" " tag="010"><subfield code="a">sn 89064110 </subfield></datafield><datafield ind1=" " ind2=" " tag="040"><subfield code="a">MN#</subfield><subfield code="b">eng</subfield><subfield code="c">MN#</subfield><subfield code="d">OCLCQ</subfield><subfield code="d">MNALP</subfield></datafield><datafield ind1=" " ind2=" " tag="043"><subfield code="a">n-us-mn</subfield></datafield><datafield ind1=" " ind2=" " tag="052"><subfield code="a">4144</subfield><subfield code="b">A4</subfield></datafield><datafield ind1=" " ind2=" " tag="052"><subfield code="a">4143</subfield><subfield code="b">F7</subfield></datafield><datafield ind1="0" ind2=" " tag="130"><subfield code="a">Ah-la-ha-sa (Albert Lea, Minn. : Biweekly)</subfield></datafield><datafield ind1="1" ind2="4" tag="245"><subfield code="a">The Ah-la-ha-sa.</subfield></datafield><datafield ind1=" " ind2=" " tag="260"><subfield code="a">Albert Lea, Minn. :</subfield><subfield code="b">Albert Lea High School</subfield></datafield><datafield ind1=" " ind2=" " tag="300"><subfield code="a">v.</subfield></datafield><datafield ind1=" " ind2=" " tag="310"><subfield code="a">Biweekly (during school year)</subfield></datafield><datafield ind1=" " ind2=" " tag="530"><subfield code="a">Available on microfilm from the Minnesota Historical Society.</subfield></datafield><datafield ind1=" " ind2=" " tag="588"><subfield code="a">Description based on: Vol. 8, no. 5 (Dec. 10, 1920).</subfield></datafield><datafield ind1=" " ind2="0" tag="650"><subfield code="a">Union List of Serials.</subfield></datafield><datafield ind1=" " ind2=" " tag="752"><subfield code="a">United States</subfield><subfield code="b">Minnesota</subfield><subfield code="c">Freeborn</subfield><subfield code="d">Albert Lea.</subfield></datafield></record>